@book{adams1995hitchhiker,
  title={The Hitchhiker's Guide to the Galaxy},
  author={Adams, D.},
  isbn={9781417642595},
  url={http://books.google.com/books?id=W-xMPgAACAAJ},
  year={1995},
  publisher={San Val}
}

@misc{ moodle,
       author = "Graph Theory",
       title = "https://learnonline.gmit.ie/course/view.php?id=1599"
}

@misc{ ianmcloughlin,
       author = "Ian McLoughlin",
       title = "https://github.com/ianmcloughlin"
}

@misc{ wikipedia,
       author = "Wikipedia",
       title = "https://en.wikipedia.org/wiki/Thompson%27s_construction"
}

@misc{ MIT,
       author = "MIT Common Operators",
       title = "http://web.mit.edu/gnu/doc/html/regex_3.html"
}

@misc{ python,
       author = "Python Language",
       title = "https://www.python.org/"
}